 @book{lopezfundamentos2010,
  title={Fundamentos de computadores y redes},
  author={L{\'o}pez, Jos{\'e} Mar{\'\i}a L{\'o}pez and Fern{\'a}ndez, Rub{\'e}n Usamentiaga and Mer{\'e}, Julio Molleda and Casta{\~n}o, Joaqu{\'\i}n Entrialgo and V{\'a}zquez, Manuel Garc{\'\i}a and Garc{\'\i}a, Jos{\'e} Ram{\'o}n Arias and Cand{\'a}s, Juan Carlos Granda and de Arriba, Jos{\'e} Luis D{\'\i}az},
  year={2010},
  publisher={Ediciones de la Universidad de Oviedo}
}
@article{elizaldeinterrupciones0,
  title={Interrupciones en la PC},
  author={Elizalde, Armando Ayala}
}
@article{aguilerasistemas2015,
  title={Sistemas operativos (2): programa anal{\'\i}tico},
  author={Aguilera, Sergio},
  year={2015},
  publisher={C{\'a}tedras-Facultad de Ingenier{\'\i}a y Tecnolog{\'\i}a Inform{\'a}tica-Universidad de Belgrano}
}
  }