@book{llavensistemas2015,
  title={Sistemas Operativos: Panorama para ingenier{\'\i}a en computaci{\'o}n e inform{\'a}tica},
  author={Llaven, Daniel Sol},
  year={2015},
  publisher={Grupo Editorial Patria}
}
@article{costaintegracion2010,
  title={Integraci{\'o}n de dispositivos f{\'\i}sicos en un laboratorio remoto de control mediante diferentes plataformas: Labview, Matlab y C/C++},
  author={Costa-Castell{\'o}, Ramon and Vall{\'e}s, Marina and Jim{\'e}nez, Luis Miguel and D{\'\i}az-Guerra, Llu{\'\i}s and Valera, A and Puerto, R},
  journal={Revista Iberoamericana de Autom{\'a}tica e Inform{\'a}tica Industrial RIAI},
  volume={7},
  number={1},
  pages={23--34},
  year={2010},
  publisher={Elsevier}
}
@book{sierraprogramacion2007,
  title={Programaci{\'o}n orientada a objetos con C++},
  author={Sierra, Fco Javier Ceballos},
  volume={3},
  year={2007},
  publisher={Grupo Editorial RA-MA}
}
}